@Book{theSwiftProgrammingLanguage,
  author = {Apple Inc.},
  title = {The Swift Programming Language (Swift 3.1)},
  publisher = {Apple Inc.},
  year = {2017},
}

@Book{UsingSwiftWithCocoaAndObjectiveC,
  author = {Apple Inc.},
  title = {Using Swift with Cocoa and Objective-C (Swift 3.1)},
  publisher = {Apple Inc.},
  year = {2017},
}

@Book{AdvancedSwift,
  author = {Chris Eidhof, Ole Begemann, Airspeed Velocity},
  title = {Advanced Swift},
  publisher = {objc.io},
  year = {2017},
}

@Book{WhatIsEPUB3Video,
  author = {Matt Garrish},
  title = {What is EPUB 3?},
  publisher = {O'Reilly Media},
  year = {2011},
  chapter = {1. What is EPUB 3? The Goodies}
}

@misc{EPUBSpecification,
  author = {International Digital Publishing Forum},
  publisher = {International Digital Publishing Forum},
  title = {EPUB 3.1, Recommended Specification},
  year = {2017},
  month = {JAN},
  url = "http://www.idpf.org/epub3/latest",
}

@misc{EPUBContentDocumentsSpecification,
  author = {International Digital Publishing Forum},
  publisher = {International Digital Publishing Forum},
  title = {EPUB Content Documents 3.1, Recommended Specification},
  year = {2017},
  month = {JAN},
  url = "http://www.idpf.org/epub3/latest/contentdocs",
}

@misc{EPUBCoreMediaTypes,
  author = {International Digital Publishing Forum},
  publisher = {International Digital Publishing Forum},
  title = {EPUB 3 Core Media Types},
  year = {2016},
  month = {OCT},
  url = "https://idpf.github.io/epub-cmt/v3/",
}

@misc{viewControllerProgrammingGuideforiOS,
  title = {View Controller Programming Guide for iOS},
  author = {Apple Inc.},
  publisher = {Apple Inc.},
  year = {2015},
  chapter = {The Role of View Controllers, View Management, Figure 1-1 Relationship between a view controller and its views},
  url = "https://developer.apple.com/library/content/featuredarticles/ViewControllerPGforiPhoneOS/",
}

@incollection{LLVM,
  booktitle = {The Architecture of Open Source Applications},
  title = {LLVM},
  editor = {Amy Brown and Greg Wilson},
  author = {Chris Lattner},
  publisher = {Lulu},
  year = {2011},
  chapter = {LLVM},
  url = "http://www.aosabook.org/en/llvm.html",
}

@article{bilion-iphone,
  title = {Apple shipped its billionth iOS device this past November},
  journal = {The Verge},
  author = {Nathan Ingraham},
  year = {2015},
  url = "https://www.theverge.com/2015/1/27/7924919/apple-shipped-its-billionth-ios-device-this-past-november",
}

@proceedings{2014-wwdc-swift,
  title = {Apple Releases iOS 8 SDK With Over 4,000 New APIs},
  organization = {Apple Inc.},
  year = {JUNE 2, 2014},
  url = "https://www.apple.com/newsroom/2014/06/02Apple-Releases-iOS-8-SDK-With-Over-4-000-New-APIs/",
}
