@Book{JSPO,
  author = {Stoyan Stefanov},
  title = {JavaScript. Programowanie obiektowe},
  publisher = {Wydawnictwo Helion},
  year = {2010},
  address = {Gliwice}
}